<?xml version="1.0" encoding="UTF-8"?><record xmlns="http://www.loc.gov/MARC21/slim" xmlns:cinclude="http://apache.org/cocoon/include/1.0" xmlns:zs="http://www.loc.gov/zing/srw/">
  <leader>00595nz  a2200133n  4500</leader>
  <controlfield tag="001">no 97034044 </controlfield>
  <controlfield tag="003">DLC</controlfield>
  <controlfield tag="005">19970605052543.7</controlfield>
  <controlfield tag="008">970604n| acannaab|          |n aaa     c</controlfield>
  <datafield tag="010" ind1=" " ind2=" ">
    <subfield code="a">no 97034044 </subfield>
  </datafield>
  <datafield tag="035" ind1=" " ind2=" ">
    <subfield code="a">(OCoLC)oca04355159 </subfield>
  </datafield>
  <datafield tag="040" ind1=" " ind2=" ">
    <subfield code="a">DGPO</subfield>
    <subfield code="c">DGPO</subfield>
  </datafield>
  <datafield tag="100" ind1="1" ind2="0">
    <subfield code="a">Neifert, Paul</subfield>
  </datafield>
  <datafield tag="670" ind1=" " ind2=" ">
    <subfield code="a">U.S. Cong. House. Comm. on International Relations. USAID whistleblower, Mr. Paul Neifert, motions related to compelling the testimony of USAID assistant administrator for management, Mr. Larry Byrne ... hearing ... 1997:</subfield>
    <subfield code="b">t.p. (Paul Neifert) p. 35 (former Peace Corps volunteer and Foreign Service Officer)</subfield>
  </datafield>
</record>